
@misc{AmplifyFrameworkDocs2021,
  type = {Documentation},
  title = {Amplify {{Framework Docs}}},
  year = {2021},
  month = sep,
  journal = {Amplify Framework Documentation},
  url = {https://docs.amplify.aws/},
  urldate = {2021-09-15}
}


